%HUGO

@INPROCEEDINGS{Evaluation1, 
author={T. Winkler and B. Rinner}, 
booktitle={Pervasive Computing and Communications, 2009. PerCom 2009. IEEE International Conference on}, 
title={Pervasive smart camera networks exploiting heterogeneous wireless channels}, 
year={2009}, 
pages={1-4}, 
doi={10.1109/PERCOM.2009.4912781}, 
month={March},
}

@INPROCEEDINGS{Evaluation2, 
author={G. Di Caterina and I. Hunter and J. J. Soraghan}, 
booktitle={Education and Research Conference (EDERC), 2010 4th European}, 
title={An embedded smart surveillance system for target tracking using a PTZ camera}, 
year={2010}, 
pages={165-169}, 
month={Dec},
}

@INPROCEEDINGS{Evaluation3, 
author={A. Hampapur and L. Brown and J. Connell and S. Pankanti and A. Senior and Y. Tian}, 
booktitle={Information, Communications and Signal Processing, 2003 and Fourth Pacific Rim Conference on Multimedia. Proceedings of the 2003 Joint Conference of the Fourth International Conference on}, 
title={Smart surveillance: applications, technologies and implications}, 
year={2003}, 
volume={2}, 
pages={1133-1138 vol.2}, 
doi={10.1109/ICICS.2003.1292637}, 
month={Dec},
}

@inproceedings{Evaluation4,
 author = {Onut, Vio and Aldridge, Don and Mindel, Marcellus and Perelgut, Stephen},
 title = {Smart Surveillance System Applications},
 booktitle = {Proceedings of the 2010 Conference of the Center for Advanced Studies on Collaborative Research},
 series = {CASCON '10},
 year = {2010},
 location = {Toronto, Ontario, Canada},
 pages = {430--432},
 numpages = {3},
 url = {http://dx.doi.org/10.1145/1923947.1924031},
 doi = {10.1145/1923947.1924031},
 acmid = {1924031},
 publisher = {IBM Corp.},
 address = {Riverton, NJ, USA},
 } 

@inproceedings{Evaluation5,
 author = {Hampapur, Arun and Brown, Lisa and Connell, Jonathan and Haas, Norman and Lu, Max and Merkl, Hans and Pankanti, Sharat and Senior, Andrew and Shu, Chiao-Fe and Tian, Yingli},
 title = {S3-R1: The IBM Smart Surveillance System-release 1},
 booktitle = {Proceedings of the 2004 ACM SIGMM Workshop on Effective Telepresence},
 series = {ETP '04},
 year = {2004},
 isbn = {1-58113-933-0},
 location = {New York, NY, USA},
 pages = {59--62},
 numpages = {4},
 url = {http://doi.acm.org/10.1145/1026776.1026794},
 doi = {10.1145/1026776.1026794},
 acmid = {1026794},
 publisher = {ACM},
 address = {New York, NY, USA},
} 

@INPROCEEDINGS{Evaluation6, 
author={D. D. Hall and J. Budinger}, 
booktitle={2007 IEEE/AIAA 26th Digital Avionics Systems Conference}, 
title={Nextgen ATS Communications, Navigation, And Surveillance Test Bed}, 
year={2007}, 
pages={4.A.1-1-4.A.1-11}, 
keywords={airports;broadband networks;radio access networks;IEEE 802.16e standard;NextGen;airports;communication;frequency 5.1 GHz;multilateration surveillance system;navigation;next generation air transportation system;surveillance;test bed;wireless airport surface communications network;wireless communications infrastructure;Air transportation;Airports;Lakes;NASA;Navigation;Poles and towers;Space technology;Surveillance;System testing;Wireless communication}, 
doi={10.1109/DASC.2007.4391896}, 
ISSN={2155-7195}, 
month={Oct},
}

@ARTICLE{Typtest1,
author={T. Arulogun, A. Adigun, O. Okediran, R. Ganiyu}, 
journal={International Journal of Innovative Science, Engineering and Technology}, 
title={Design and Development of a Security Surveillance System based on Wireless Sensor Network}, 
year={2014}, 
volume={1}, 
number={4}, 
pages={283-291},
month{Jun},}

@INPROCEEDINGS{Typtest2, 
author={M. Bramberger and J. Brunner and B. Rinner and H. Schwabach}, 
booktitle={Real-Time and Embedded Technology and Applications Symposium, 2004. Proceedings. RTAS 2004. 10th IEEE}, 
title={Real-time video analysis on an embedded smart camera for traffic surveillance}, 
year={2004}, 
pages={174-181}, 
doi={10.1109/RTTAS.2004.1317262}, 
ISSN={1545-3421}, 
month={May},}

@ARTICLE{Anwar_Hossain, 
author={M. Anwar Hossain}, 
journal={International Journal of Distributed Sensor Networks}, 
title={Framework for a Cloud-Based Multimedia Surveillance System}, 
year={2014}, 
volume={}, 
number={}, 
pages={},  
doi={10.1155/2014/135257}, 
month={May},
}

@article{Atzori2010,
 author = {Atzori, Luigi and Iera, Antonio and Morabito, Giacomo},
 title = {The Internet of Things: A Survey},
 journal = {Comput. Netw.},
 issue_date = {October, 2010},
 volume = {54},
 number = {15},
 month = oct,
 year = {2010},
 issn = {1389-1286},
 pages = {2787--2805},
 numpages = {19},
 url = {http://dx.doi.org/10.1016/j.comnet.2010.05.010},
 doi = {10.1016/j.comnet.2010.05.010},
 acmid = {1862541},
 publisher = {Elsevier North-Holland, Inc.},
 address = {New York, NY, USA},
 keywords = {Internet of Things, Pervasive computing, RFID systems},
} 

@INPROCEEDINGS{Buchholz2014, 
author={Buchholz, T. and Krause, M. and Linnhoff-Popien, C. and Schiffers, M.}, 
booktitle={Mobile and Ubiquitous Systems: Networking and Services, 2004. MOBIQUITOUS 2004. The First Annual International Conference on}, 
title={CoCo: dynamic composition of context information}, 
year={2004}, 
month={Aug}, 
pages={335-343}, 
keywords={graph theory;information retrieval;open systems;ubiquitous computing;context composition;context information retrieval;context-aware services;graph-oriented language;key infrastructural components;Content addressable storage;Context awareness;Context-aware services;Information retrieval;Mobile computing;Pervasive computing;Robustness;Runtime;Temperature;Transportation}, 
doi={10.1109/MOBIQ.2004.1331740},
}

@incollection{Droege1997,
title = "Introduction ",
editor = "Droege, Peter ",
booktitle = "Intelligent Environments ",
publisher = "North-Holland",
edition = "",
address = "Amsterdam",
year = "1997",
pages = "v - vi",
isbn = "978-0-444-82332-8",
doi = "http://dx.doi.org/10.1016/B978-044482332-8/50000-7",
url = "http://www.sciencedirect.com/science/article/pii/B9780444823328500007",
author = "Peter Droege"
}

@INPROCEEDINGS{Chen2009, 
author={Chih-Sung Chen and Chia-Hui Wang and Haw-Yun Shin and Wu-Hsiao Hsu}, 
booktitle={Ultra Modern Telecommunications Workshops, 2009. ICUMT '09. International Conference on}, 
title={Load-sharing overlay network design for ubiquitous video surveillance services}, 
year={2009}, 
month={Oct}, 
pages={1-7}, 
keywords={Internet;telecommunication network management;telecommunication services;video surveillance;IP multicast;Internet;distributed processing;load balancing optimization;load sharing;overlay network design;ubiquitous video surveillance service;video streaming;Broadcasting;Data mining;Distributed processing;IP networks;Multimedia communication;Streaming media;Telecommunication traffic;Video sharing;Video surveillance;Web and internet services;load balancing;multicast overlay network;ubiquitous video surveillance}, 
doi={10.1109/ICUMT.2009.5345397},}

@INPROCEEDINGS{Dulman2005, 
author={Dulman, S. and Havinga, P.}, 
booktitle={Intelligent Sensors, Sensor Networks and Information Processing Conference, 2005. Proceedings of the 2005 International Conference on}, 
title={Architectures for Wireless Sensor Networks}, 
year={2005}, 
month={Dec}, 
pages={31-38}, 
keywords={Acoustic sensors;Application software;Collaboration;Computer architecture;Hardware;Network topology;Programming profession;Sensor phenomena and characterization;Temperature sensors;Wireless sensor networks}, 
doi={10.1109/ISSNIP.2005.1595552},}


@INPROCEEDINGS{Komninos2006, 
author={Komninos, N.}, 
booktitle={Intelligent Environments, 2006. IE 06. 2nd IET International Conference on}, 
title={The architecture of intelligent clities: Integrating human, collective and artificial intelligence to enhance knowledge and innovation}, 
year={2006}, 
month={July}, 
volume={1}, 
pages={13-20}, 
keywords={innovation management;knowledge management;learning (artificial intelligence);social aspects of automation;artificial intelligence;cognitive skills;digital cities;information systems;innovation management;innovative clusters;innovative environments;intelligent cities;intelligent communities;knowledge sharing}, 
ISSN={0537-9989},}

@INPROCEEDINGS{Liu2011, 
author={Wei Liu and Xue Li and Daoli Huang}, 
booktitle={Computer Science and Service System (CSSS), 2011 International Conference on}, 
title={A survey on context awareness}, 
year={2011}, 
month={June}, 
pages={144-147}, 
keywords={pattern classification;ubiquitous computing;context acquisition;context awareness;context classification;context computing;context filtering;context fusion;context modeling;context representation;context retrieval;context storage;Computational modeling;Computers;Context;Context modeling;Context-aware services;Sensors;context;context aware;context aware computing;context aware system;pervasive computing}, 
doi={10.1109/CSSS.2011.5972040},}

@article{Lopez2006,
year={2006},
issn={1570-1166},
journal={Journal of Mathematical Modelling and Algorithms},
volume={5},
number={1},
doi={10.1007/s10852-005-9034-x},
title={Hybrid Population-Based Algorithms for the Bi-Objective Quadratic Assignment Problem},
url={http://dx.doi.org/10.1007/s10852-005-9034-x},
publisher={Springer Netherlands},
keywords={68W20; 68T20; 90B80; 90C27; 90C29; multi-objective quadratic assignment problem; hybrid algorithms; stochastic local search; ant colony optimization; evolutionary algorithms; tabu search},
author={López-Ibáñez, Manuel and Paquete, Luís and Stützle, Thomas},
pages={111-137},
language={English},
}

@inproceedings{Nakamura2008,
  added-at = {2009-03-02T00:00:00.000+0100},
  author = {Nakamura, Eduardo Freire},
  biburl = {http://www.bibsonomy.org/bibtex/218b86c211f163f11a6d7f8c717585dcb/dblp},
  booktitle = {SBBD},
  crossref = {conf/sbbd/2008},
  date = {2009-03-02},
  description = {dblp},
  editor = {de Amo, Sandra},
  interhash = {fdde8beff8f317e222ed0dd5e0147bb7},
  intrahash = {18b86c211f163f11a6d7f8c717585dcb},
  isbn = {978-85-7669-205-8},
  keywords = {dblp},
  pages = 317,
  publisher = {SBC},
  timestamp = {2009-03-02T00:00:00.000+0100},
  title = {Aplicando Fusão de Dados em Redes de Sensores sem Fio.},
  url = {http://dblp.uni-trier.de/db/conf/sbbd/sbbd2008.html#Nakamura08},
  year = 2008
}


@INPROCEEDINGS{Nakamura2007, 
author={Nakamura, N. and Akazawa, Y. and Takano, S. and Okada, Y.}, 
booktitle={Robot and Human interactive Communication, 2007. RO-MAN 2007. The 16th IEEE International Symposium on}, 
title={Virtual Space Construction Based on Contact Constraints Using Robot Vision Technology for 3D Graphics Applications}, 
year={2007}, 
month={Aug}, 
pages={469-474}, 
keywords={robot vision;semantic networks;virtual reality;3D graphics applications;automatic 3D scene generation system;contact constraints;robot vision;semantic database;video game industry;virtual space construction;Application software;Computer graphics;Databases;Games;Layout;Orbital robotics;Robot vision systems;Robotics and automation;Service robots;Space technology}, 
doi={10.1109/ROMAN.2007.4415129},}



@INPROCEEDINGS{Nardi2006,
    author = {Renzo De Nardi and Owen Holland and John Woods and Adrian Clark},
    title = {SwarMAV: A swarm of miniature aerial vehicles},
    booktitle = {IN PROCEEDINGS OF THE 21ST BRISTOL INTERNATIONAL UAV SYSTEMS CONFERENCE},
    year = {2006},
    publisher = {}
}


@MISC{Paquete2006,
    author = {Luís Paquete and Thomas Stützle},
    title = {Stochastic Local Search Algorithms for Multiobjective Combinatorial Optimization: Methods and Analysis},
    year = {2006}
}


@ARTICLE{Perera2014, 
author={Perera, C. and Zaslavsky, A. and Christen, P. and Georgakopoulos, D.}, 
journal={Communications Surveys Tutorials, IEEE}, 
title={Context Aware Computing for The Internet of Things: A Survey}, 
year={2014}, 
month={First}, 
volume={16}, 
number={1}, 
pages={414-454}, 
keywords={Internet of Things;sensor placement;ubiquitous computing;wireless sensor networks;Internet of things;context aware computing;context awareness;context life cycle;context modelling;context reasoning;middleware;sensor data;sensor networks;Context;Context-aware services;Internet of Things;Middleware;Sensors;Wireless sensor networks;Internet of things;context awareness;context life cycle;context modelling;context reasoning;middleware;mobile;pervasive;sensor data;sensor networks;ubiquitous}, 
doi={10.1109/SURV.2013.042313.00197}, 
ISSN={1553-877X},}


@INPROCEEDINGS{Pugeault2011, 
author={Pugeault, N. and Bowden, R.}, 
booktitle={Computer Vision Workshops (ICCV Workshops), 2011 IEEE International Conference on}, 
title={Spelling it out: Real-time ASL fingerspelling recognition}, 
year={2011}, 
month={Nov}, 
pages={1114-1119}, 
keywords={gesture recognition;graphical user interfaces;image classification;natural languages;object detection;object tracking;real-time systems;shape recognition;ASL finger-spelling;American sign language;English dictionary;Microsoft Kinect device;OpenNI-NITE framework;depth images;hand detection;hand tracking;image classification;interactive hand shape recognition user interface;random forests;real-time ASL fingerspelling recognition;Feature extraction;Handicapped aids;Real time systems;Shape;User interfaces;Vectors;Vegetation}, 
doi={10.1109/ICCVW.2011.6130290},}

@INPROCEEDINGS{Ranganathan2005, 
author={Ranganathan, A. and Al-Muhtadi, J. and Biehl, J. and Ziebart, B. and Campbell, R.H. and Bailey, B.}, 
booktitle={Pervasive Computing and Communications Workshops, 2005. PerCom 2005 Workshops. Third IEEE International Conference on}, 
title={Towards a pervasive computing benchmark}, 
year={2005}, 
month={March}, 
pages={194-198}, 
keywords={benchmark testing;ubiquitous computing;performance evaluation;pervasive computing;system metrics;Computer networks;Data security;Human computer interaction;Jacobian matrices;Mobile computing;Pervasive computing;Sensor systems;Software standards;System performance;Usability}, 
doi={10.1109/PERCOMW.2005.85},}

@article{GoMez-Romero2011,
 author = {G\'{o}Mez-Romero, Juan and Patricio, Miguel A. and Garc\'{\i}A, Jes\'{u}S and Molina, Jos{\'e} M.},
 title = {Ontology-based Context Representation and Reasoning for Object Tracking and Scene Interpretation in Video},
 journal = {Expert Syst. Appl.},
 issue_date = {June, 2011},
 volume = {38},
 number = {6},
 month = jun,
 year = {2011},
 issn = {0957-4174},
 pages = {7494--7510},
 numpages = {17},
 url = {http://dx.doi.org/10.1016/j.eswa.2010.12.118},
 doi = {10.1016/j.eswa.2010.12.118},
 acmid = {1943864},
 publisher = {Pergamon Press, Inc.},
 address = {Tarrytown, NY, USA},
 keywords = {Context aware systems, Information Fusion, Object tracking, Ontologies, Rules},
} 



@ARTICLE{Saha2003, 
author={Saha, D. and Mukherjee, A.}, 
journal={Computer}, 
title={Pervasive computing: a paradigm for the 21st century}, 
year={2003}, 
month={Mar}, 
volume={36}, 
number={3}, 
pages={25-31}, 
doi={10.1109/MC.2003.1185214}, 
ISSN={0018-9162},}


@ARTICLE{943998, 
author={Satyanarayanan, M.}, 
journal={Personal Communications, IEEE}, 
title={Pervasive computing: vision and challenges}, 
year={2001}, 
month={Aug}, 
volume={8}, 
number={4}, 
pages={10-17}, 
keywords={distributed processing;land mobile radio;mobile computing;computer systems research;distributed systems;invisibility;localized scalability;mobile computing;pervasive computing;research;smart spaces;uneven conditioning masking;wireless LAN;Access protocols;Computer vision;Mobile computing;Pervasive computing;Resource management;Scalability;Space technology;TCPIP;Transcoding;Wireless application protocol}, 
doi={10.1109/98.943998}, 
ISSN={1070-9916},}

@ARTICLE{Sodemann2012, 
author={Sodemann, A.A. and Ross, M.P. and Borghetti, B.J.}, 
journal={Systems, Man, and Cybernetics, Part C: Applications and Reviews, IEEE Transactions on}, 
title={A Review of Anomaly Detection in Automated Surveillance}, 
year={2012}, 
month={Nov}, 
volume={42}, 
number={6}, 
pages={1257-1272}, 
keywords={feature extraction;image sensors;learning (artificial intelligence);object detection;security of data;surveillance;ubiquitous computing;anomalous behavior detection;anomaly assumption;anomaly definition;automated surveillance;automatic anomaly detection;data interpretation;feature extraction;learning method;machine learning;modeling algorithm;sensor types;surveillance target;ubiquitous surveillance;Cameras;Data models;Feature extraction;Sensor phenomena and characterization;Surveillance;Trajectory;Abnormal behavior;anomaly detection;automated surveillance;behavior classification;machine learning}, 
doi={10.1109/TSMCC.2012.2215319}, 
ISSN={1094-6977},}



@INPROCEEDINGS{Wang2008, 
author={Te-Chih Wang and Chia-Hui Wang and Ray-I Chang and Jan-Ming Ho}, 
booktitle={Communications, 2008. APCC 2008. 14th Asia-Pacific Conference on}, 
title={Ubiquitous video surveillance service with secure forwarding agents}, 
year={2008}, 
month={Oct}, 
pages={1-5}, 
keywords={Internet;cryptography;ubiquitous computing;video surveillance;wireless LAN;Diffie-Hellman key exchange algorithm;IEEE 802.11;Internet;Wi-Fi;forwarding agents;multicast agent;super agent;ubiquitous video surveillance;wireless LAN;Communication system security;Government;Multicast algorithms;Privacy;Protection;Scalability;Streaming media;Testing;Video surveillance;Web and internet services;Diffie-Hellman key exchange algorithm;FEC;multicast;video surveillance},}




@article{Weiser1999,
 author = {Weiser, Mark},
 title = {The Computer for the 21st Century},
 journal = {SIGMOBILE Mob. Comput. Commun. Rev.},
 issue_date = {July 1999},
 volume = {3},
 number = {3},
 month = jul,
 year = {1999},
 issn = {1559-1662},
 pages = {3--11},
 numpages = {9},
 url = {http://doi.acm.org/10.1145/329124.329126},
 doi = {10.1145/329124.329126},
 acmid = {329126},
 publisher = {ACM},
 address = {New York, NY, USA},
} 



@INPROCEEDINGS{Xue2011, 
author={Ru Xue and Huan-Sheng Song}, 
booktitle={Computer Science and Service System (CSSS), 2011 International Conference on}, 
title={Study of ubiquitous transportation environment based on IOT}, 
year={2011}, 
month={June}, 
pages={2603-2605}, 
keywords={Internet;radiocommunication;traffic engineering computing;transportation;ubiquitous computing;IOT;Internet of Things;information technology;traffic;transmission technology;ubiquitous learning;ubiquitous transportation environment;Global Positioning System;Internet;Roads;Safety;Ubiquitous computing;Vehicles;Intelligent transportation system (ITS);Internet of Things (IOT);Ubiquitous Transportation Environment (UTE)}, 
doi={10.1109/CSSS.2011.5974688},}



@INPROCEEDINGS{McLaughlin2010, 
author={McLaughlin, K. and Sezer, S.}, 
booktitle={Emerging Security Technologies (EST), 2010 International Conference on}, 
title={Utilising Mobile Wireless Network Technologies to Support an Intelligent Sensor Information System for Public Transport Safety}, 
year={2010}, 
month={Sept}, 
pages={101-106}, 
keywords={closed circuit television;intelligent sensors;mobile radio;road safety;CCTV cameras;ISIS project;commercial wireless platform;intelligent sensor information system;mobile wireless network technologies;public transport;public transport safety;urban environment;Bandwidth;Mobile communication;Multiaccess communication;Spread spectrum communication;Streaming media;WiMAX}, 
doi={10.1109/EST.2010.22},}



@INPROCEEDINGS{Dziech2013, 
author={Dziech, A. and Bialas, J. and Glowacz, A. and Korus, P. and Leszczuk, M. and Matiolalski, A. and Baran, R.}, 
booktitle={Availability, Reliability and Security (ARES), 2013 Eighth International Conference on}, 
title={Overview of Recent Advances in CCTV Processing Chain in the INDECT and INSIGMA Projects}, 
year={2013}, 
month={Sept}, 
pages={836-843}, 
keywords={closed circuit television;object recognition;public administration;traffic engineering computing;video signal processing;video surveillance;CCTV processing chain;INDECT Projects;INSIGMA Projects;digital evidence integrity verification;quality assessment;recognition tasks;vehicle automatic recognition;video surveillance processing chain;Accuracy;Monitoring;Quality assessment;Safety;Streaming media;Training;Video recording;Data protection;Image authentication;Intelligent monitoring;Make and model recognition;Quality assessment;Security;Video analytics;Video quality;Video streaming}, 
doi={10.1109/ARES.2013.112},}



@INPROCEEDINGS{Kurkovsky2010, 
author={Kurkovsky, S. and Carpenter, T. and MacDonald, C.}, 
booktitle={Information Technology: New Generations (ITNG), 2010 Seventh International Conference on}, 
title={Experiments with Simple Iris Recognition for Mobile Phones}, 
year={2010}, 
month={April}, 
pages={1293-1294}, 
keywords={computational complexity;human computer interaction;iris recognition;mobile radio;computational complexity reduction;iris recognition systems;resource-constrained mobile phones;unauthorized access;Authentication;Biometrics;Computational complexity;Hardware;Information technology;Iris recognition;Mobile handsets;Pins;Protection;Security;authentication;iris recognition;mobile phones}, 
doi={10.1109/ITNG.2010.75},}



@INPROCEEDINGS{Hinterstoisser2010, 
author={Hinterstoisser, S. and Lepetit, V. and Ilic, S. and Fua, P. and Navab, N.}, 
booktitle={Computer Vision and Pattern Recognition (CVPR), 2010 IEEE Conference on}, 
title={Dominant orientation templates for real-time detection of texture-less objects}, 
year={2010}, 
month={June}, 
pages={2257-2264}, 
keywords={gradient methods;image texture;object detection;tree searching;branch-and-bound approach;dominant gradient orientation;dominant orientation template representation;real-time 3D object detection;texture-less object;Computer science;Computer vision;Distortion measurement;Histograms;Laboratories;Object detection;Pixel;Robustness;Runtime;Testing}, 
doi={10.1109/CVPR.2010.5539908}, 
ISSN={1063-6919},}



@article{Marinho2013,
title = "MobiLine: A Nested Software Product Line for the domain of mobile and context-aware applications ",
journal = "Science of Computer Programming ",
volume = "78",
number = "12",
pages = "2381 - 2398",
year = "2013",
note = "Special Section on International Software Product Line Conference 2010 and Fundamentals of Software Engineering (selected papers of \{FSEN\} 2011) ",
issn = "0167-6423",
doi = "http://dx.doi.org/10.1016/j.scico.2012.04.009",
url = "http://www.sciencedirect.com/science/article/pii/S0167642312000871",
author = "Fabiana G. Marinho and Rossana M.C. Andrade and Cláudia Werner and Windson Viana and Marcio E.F. Maia and Lincoln S. Rocha and Eldânae Teixeira and João B. Ferreira Filho and Valéria L.L. Dantas and Fabrício Lima and Saulo Aguiar",
keywords = "Context-awareness",
keywords = "Mobility",
keywords = "Software product line ",
}



@INPROCEEDINGS{Baeg2007, 
author={Baeg, M.H. and Jae-Han Park and Jaehan Koh and Kyung-Wook Park and Moonhong Baeg}, 
booktitle={Intelligent Robots and Systems, 2007. IROS 2007. IEEE/RSJ International Conference on}, 
title={An object recognition system for a smart home environment on the basis of color and texture descriptors}, 
year={2007}, 
month={Oct}, 
pages={901-906}, 
keywords={home automation;image colour analysis;manipulators;object recognition;radiofrequency identification;robot vision;service robots;Korea Institute of Industrial Technology;MPEG-7 visual descriptors;color descriptors;communication module;object recognition system;radio frequency identification reader;robot-assisted future home environment;robotic system;service robots;smart home environment;texture descriptors;Buildings;Cameras;Intelligent robots;MPEG 7 Standard;Object recognition;Prototypes;Radiofrequency identification;Robot vision systems;Service robots;Smart homes}, 
doi={10.1109/IROS.2007.4399370},}



@INPROCEEDINGS{Nedevschi2004, 
author={Nedevschi, S. and Danescu, R. and Frentiu, D. and Marita, T. and Oniga, F. and Pocol, C. and Schmidt, R. and Graf, T.}, 
booktitle={Intelligent Vehicles Symposium, 2004 IEEE}, 
title={High accuracy stereo vision system for far distance obstacle detection}, 
year={2004}, 
month={June}, 
pages={292-297}, 
keywords={driver information systems;object detection;road traffic;road vehicles;stereo image processing;traffic control;advanced driver assistance systems;far distance obstacle detection;high accuracy stereo vision system;highway traffic;traffic control;traffic scenarios;urban traffic;vehicle environment perception;Cameras;Driver circuits;Object detection;Road safety;Road transportation;Sensor phenomena and characterization;Stereo vision;Traffic control;Vehicle detection;Vehicle driving}, 
doi={10.1109/IVS.2004.1336397},}


@incollection{Loncomilla2005,
year={2005},
isbn={978-3-540-28869-5},
booktitle={Image Analysis and Processing – ICIAP 2005},
volume={3617},
series={Lecture Notes in Computer Science},
editor={Roli, Fabio and Vitulano, Sergio},
doi={10.1007/11553595_133},
title={Improving SIFT-Based Object Recognition for Robot Applications},
url={http://dx.doi.org/10.1007/11553595_133},
publisher={Springer Berlin Heidelberg},
author={Loncomilla, Patricio and Ruiz-del-Solar, Javier},
pages={1084-1092},
language={English}
}


@article{Lowe2004,
 author = {Lowe, David G.},
 title = {Distinctive Image Features from Scale-Invariant Keypoints},
 journal = {Int. J. Comput. Vision},
 issue_date = {November 2004},
 volume = {60},
 number = {2},
 month = nov,
 year = {2004},
 issn = {0920-5691},
 pages = {91--110},
 numpages = {20},
 url = {http://dx.doi.org/10.1023/B:VISI.0000029664.99615.94},
 doi = {10.1023/B:VISI.0000029664.99615.94},
 acmid = {996342},
 publisher = {Kluwer Academic Publishers},
 address = {Hingham, MA, USA},
 keywords = {image matching, invariant features, object recognition, scale invariance},
} 


@INPROCEEDINGS{Xuelong2008, 
author={Xuelong Hu and Yingcheng Tang and Zhenghua Zhang}, 
booktitle={Neural Networks and Signal Processing, 2008 International Conference on}, 
title={Video object matching based on SIFT algorithm}, 
year={2008}, 
month={June}, 
pages={412-415}, 
keywords={image matching;image sequences;object detection;transforms;video retrieval;video signal processing;Euclidean distance;SIFT algorithm;keypoint descriptor;keypoint localization;keypoint matching;orientation assignment;real video sequences;scale invariant feature transform;scale-space extrema detection;video object matching;video object retrieval;Computer vision;Content based retrieval;Convolution;Feature extraction;Histograms;Image retrieval;Lighting;Neural networks;Signal processing algorithms;Video signal processing;Feature matching;SIFT;Video object retrieval;Video object tracking}, 
doi={10.1109/ICNNSP.2008.4590383},}


@article{Huang2008,
 author = {Huang, Chun-Rong and Chen, Chu-Song and Chung, Pau-Choo},
 title = {Contrast Context histogram-An Efficient Discriminating Local Descriptor for Object Recognition and Image Matching},
 journal = {Pattern Recogn.},
 issue_date = {October, 2008},
 volume = {41},
 number = {10},
 month = oct,
 year = {2008},
 issn = {0031-3203},
 pages = {3071--3077},
 numpages = {7},
 url = {http://dx.doi.org/10.1016/j.patcog.2008.03.013},
 doi = {10.1016/j.patcog.2008.03.013},
 acmid = {1385970},
 publisher = {Elsevier Science Inc.},
 address = {New York, NY, USA},
 keywords = {Image matching, Local descriptor, Object recognition},
} 


@INPROCEEDINGS{Jae2007, 
author={Jae-Han Park and Baeg, M.H. and Jaehan Koh and Kyung-Wook Park and Moon-Hong Baeg}, 
booktitle={Control, Automation and Systems, 2007. ICCAS '07. International Conference on}, 
title={A new object recognition system for service robots in the smart environment}, 
year={2007}, 
month={Oct}, 
pages={1083-1087}, 
keywords={building management systems;image colour analysis;image matching;image texture;object recognition;radio networks;radiofrequency identification;robot vision;service robots;video coding;MPEG-7 visual descriptor;RFID tag;feature descriptor;image color analysis;image matching;image texture;object recognition system;service robot;smart environment;vision processing;wireless network;Communication networks;MPEG 7 Standard;Machine vision;Object recognition;RFID tags;Robot vision systems;Robustness;Service robots;Target recognition;Wireless networks;Object Recognition;RFID;Sensor Networks;Service Robot;Smart Environment}, 
doi={10.1109/ICCAS.2007.4407060},}



@INPROCEEDINGS{Jurie2004, 
author={Jurie, F. and Schmid, C.}, 
booktitle={Computer Vision and Pattern Recognition, 2004. CVPR 2004. Proceedings of the 2004 IEEE Computer Society Conference on}, 
title={Scale-invariant shape features for recognition of object categories}, 
year={2004}, 
month={June}, 
volume={2}, 
pages={II-90-II-96 Vol.2}, 
keywords={edge detection;feature extraction;image matching;object detection;convex local arrangements;cost functions;gray-level images;image contours;object category recognition;scale-invariant shape features;shape matching;Character recognition;Computer vision;Cost function;Energy measurement;Entropy;Image edge detection;Object recognition;Position measurement;Robustness;Shape}, 
doi={10.1109/CVPR.2004.1315149}, 
ISSN={1063-6919},}


@article{Lin2008,
 author = {Lin, Yi-Hsien and Chen, Chin-Hsing},
 title = {Template Matching Using the Parametric Template Vector with Translation, Rotation and Scale Invariance},
 journal = {Pattern Recogn.},
 issue_date = {July, 2008},
 volume = {41},
 number = {7},
 month = jul,
 year = {2008},
 issn = {0031-3203},
 pages = {2413--2421},
 numpages = {9},
 url = {http://dx.doi.org/10.1016/j.patcog.2008.01.017},
 doi = {10.1016/j.patcog.2008.01.017},
 acmid = {1361838},
 publisher = {Elsevier Science Inc.},
 address = {New York, NY, USA},
 keywords = {Normalized correlation, Parametric template vector, Ring-projection transformation, Rotation and scale invariance, Template matching},
} 


@proceeding{Nguyen2003,
author = {Nguyen, Minh-Chinh},
title = {Distance-invariant object recognition by real-time vision},
journal = {Proc. SPIE},
volume = {5012},
number = {},
pages = {30-36},
abstract = {An efficient approach to recognize distance-invariant appearing in outdoor and indoor scenes is introduced. The differences of the sizes of object images caused by varying distances are normalized by a  model-based subsampling of images. The distance-invariant images both simplify and due to their reduced number of pixels help to accelerate object recognition. This model-based subsampling has been used for creating a database of distance-independent representations of various objects allowing the subsequent recognition of such objects in real time. An interactive user interface with a learning ability was provided to facilitate the introduction of new objects into the database. A number of algorithms for recognizing objects were implemented and evaluated. They employ different forms of object representations and were analyzed regarding their effectiveness for recognizing objects in varying distances. In experiments two of the investigated recognition methods, one based on cross correlation and the other one on user-defined edges, appeared suitable for realizing a fairly reliable object recognition in real time, as required by autonomous vehicles and mobile robots.},
year = {2003},
doi = {10.1117/12.477495},
URL = { http://dx.doi.org/10.1117/12.477495},
eprint = {}
}


@ARTICLE{Leeuwen2005, 
author={van Leeuwen, M.B. and Groen, F.C.A.}, 
journal={Robotics Automation Magazine, IEEE}, 
title={Vehicle detection with a mobile camera: spotting midrange, distant, and passing cars}, 
year={2005}, 
month={March}, 
volume={12}, 
number={1}, 
pages={37-43}, 
keywords={driver information systems;entropy;image motion analysis;image sequences;image texture;object detection;road vehicles;entropy;horizontal symmetry;image sequences;mobile camera;projected motion;shadow detection;temporal differencing;vehicle detection;Cameras;Entropy;Image edge detection;Lighting;Road vehicles;Robot vision systems;Robotics and automation;Surface fitting;Vehicle detection;Vehicle driving}, 
doi={10.1109/MRA.2005.1411417}, 
ISSN={1070-9932},}



@INPROCEEDINGS{Bose2004, 
author={Bose, B. and Grimson, E.}, 
booktitle={Computer Vision and Pattern Recognition, 2004. CVPR 2004. Proceedings of the 2004 IEEE Computer Society Conference on}, 
title={Improving object classification in far-field video}, 
year={2004}, 
month={June}, 
volume={2}, 
pages={II-II}, 
keywords={image classification;image sequences;traffic engineering computing;video signal processing;far-field video sequences;low-resolution imagery;object classification;projective image distortion;scene-invariant classification system;scene-transfer/adaptation algorithm;Cameras;Computer science;Humans;Image resolution;Layout;Object detection;Pixel;Road transportation;Vehicle detection;Video sequences}, 
doi={10.1109/CVPR.2004.1315162}, 
ISSN={1063-6919},}


@article{Lowe2004,
 author = {Lowe, David G.},
 title = {Distinctive Image Features from Scale-Invariant Keypoints},
 journal = {Int. J. Comput. Vision},
 issue_date = {November 2004},
 volume = {60},
 number = {2},
 month = nov,
 year = {2004},
 issn = {0920-5691},
 pages = {91--110},
 numpages = {20},
 url = {http://dx.doi.org/10.1023/B:VISI.0000029664.99615.94},
 doi = {10.1023/B:VISI.0000029664.99615.94},
 acmid = {996342},
 publisher = {Kluwer Academic Publishers},
 address = {Hingham, MA, USA},
 keywords = {image matching, invariant features, object recognition, scale invariance},
} 

@INPROCEEDINGS{Dalal2005, 
author={Dalal, N. and Triggs, B.}, 
booktitle={Computer Vision and Pattern Recognition, 2005. CVPR 2005. IEEE Computer Society Conference on}, 
title={Histograms of oriented gradients for human detection}, 
year={2005}, 
month={June}, 
volume={1}, 
pages={886-893 vol. 1}, 
keywords={feature extraction;gradient methods;object detection;object recognition;support vector machines;coarse spatial binning;contrast normalization;edge based descriptors;fine orientation binning;fine-scale gradients;gradient based descriptors;histograms of oriented gradients;human detection;linear SVM;overlapping descriptor;pedestrian database;robust visual object recognition;High performance computing;Histograms;Humans;Image databases;Image edge detection;Object detection;Object recognition;Robustness;Support vector machines;Testing}, 
doi={10.1109/CVPR.2005.177}, 
ISSN={1063-6919},}


@MISC{Thomas2004,
    author = {Thomas Serre and Maximilian Riesenhuber},
    title = {Realistic modeling of simple and complex cell tuning in the hmax model, and implications for invariant object recognition in cortex},
    year = {2004}
}



@ARTICLE{Schilit1994, 
author={Schilit, B.N. and Theimer, M.M.}, 
journal={Network, IEEE}, 
title={Disseminating active map information to mobile hosts}, 
year={1994}, 
month={Sept}, 
volume={8}, 
number={5}, 
pages={22-32}, 
keywords={computer networks;information dissemination;information services;mobile communication systems;network operating systems;telecommunication network management;telecommunication traffic;tracking;active map information dissemination;active map server;active map service;communications links;context-aware computing;located-objects;mobile distributed computing;mobile hosts;overload situations;unicast callbacks;Airports;Application software;Computer science;Context-aware services;Meeting planning;Mobile communication;Mobile computing;Optical computing;Printers;Workstations}, 
doi={10.1109/65.313011}, 
ISSN={0890-8044},}




@article{Hayes2008,
 author = {Hayes, Brian},
 title = {Cloud Computing},
 journal = {Commun. ACM},
 issue_date = {July 2008},
 volume = {51},
 number = {7},
 month = jul,
 year = {2008},
 issn = {0001-0782},
 pages = {9--11},
 numpages = {3},
 url = {http://doi.acm.org/10.1145/1364782.1364786},
 doi = {10.1145/1364782.1364786},
 acmid = {1364786},
 publisher = {ACM},
 address = {New York, NY, USA},
} 




@article{Buyya2009,
 author = {Buyya, Rajkumar and Yeo, Chee Shin and Venugopal, Srikumar and Broberg, James and Brandic, Ivona},
 title = {Cloud Computing and Emerging IT Platforms: Vision, Hype, and Reality for Delivering Computing As the 5th Utility},
 journal = {Future Gener. Comput. Syst.},
 issue_date = {June, 2009},
 volume = {25},
 number = {6},
 month = jun,
 year = {2009},
 issn = {0167-739X},
 pages = {599--616},
 numpages = {18},
 url = {http://dx.doi.org/10.1016/j.future.2008.12.001},
 doi = {10.1016/j.future.2008.12.001},
 acmid = {1529211},
 publisher = {Elsevier Science Publishers B. V.},
 address = {Amsterdam, The Netherlands, The Netherlands},
 keywords = {Cloud computing, Data Centers, Market-oriented resource allocation, Utility computing, Virtualization},
} 

@book{Velte2009,
 author = {Velte, Toby and Velte, Anthony and Elsenpeter, Robert},
 title = {Cloud Computing, A Practical Approach},
 year = {2010},
 isbn = {0071626948, 9780071626941},
 edition = {1},
 publisher = {McGraw-Hill, Inc.},
 address = {New York, NY, USA},
} 

@INPROCEEDINGS{Srivastava2010, 
author={Srivastava, S. and Delp, E.J.}, 
booktitle={Applied Imagery Pattern Recognition Workshop (AIPR), 2010 IEEE 39th}, 
title={Standoff video analysis for the detection of security anomalies in vehicles}, 
year={2010}, 
month={Oct}, 
pages={1-8}, 
keywords={cameras;object detection;traffic engineering computing;vehicles;video surveillance;cameras;dynamic analysis;human operators;low-complexity techniques;security anomalies detection;security personnel;standoff video analysis;video surveillance systems;Cameras;Monitoring;Pixel;Tires;Trajectory;Vehicles;Wheels}, 
doi={10.1109/AIPR.2010.5759685}, 
ISSN={1550-5219},}

@INPROCEEDINGS{Chiao2005, 
author={Chiao-Fe Shu and Hampapur, A. and Max Lu and Brown, L. and Connell, J. and Senior, A. and YingLi Tian}, 
booktitle={Advanced Video and Signal Based Surveillance, 2005. AVSS 2005. IEEE Conference on}, 
title={IBM smart surveillance system (S3): a open and extensible framework for event based surveillance}, 
year={2005}, 
month={Sept}, 
pages={318-323}, 
keywords={airports;computer vision;security;surveillance;IBM smart surveillance system;airport environment;computer vision;event based surveillance;open-standards based architecture;pattern recognition;Airports;Computer architecture;Computer vision;Data models;Data security;Event detection;Information analysis;Pattern recognition;Personnel;Surveillance}, 
doi={10.1109/AVSS.2005.1577288},}




@INPROCEEDINGS{Cabrera2011, 
author={Cabrera, R.R. and Tuytelaars, T. and Van Gool, L.}, 
booktitle={Computer Vision and Pattern Recognition (CVPR), 2011 IEEE Conference on}, 
title={Efficient multi-camera detection, tracking, and identification using a shared set of haar-features}, 
year={2011}, 
month={June}, 
pages={65-71}, 
keywords={Haar transforms;object detection;target tracking;traffic engineering computing;vehicles;Adaboost cascade;Haar-features;compact binary vehicle fingerprint;composite confidence score;computational load;decentralized architecture;multicamera detection;multicamera identification;multicamera tracking;nonoverlapping cameras;realtime operation;standard datasets;tunnel surveillance application;vehicle detection;Accuracy;Cameras;Feature extraction;Fingerprint recognition;Hamming distance;Training;Vehicles}, 
doi={10.1109/CVPR.2011.5995735}, 
ISSN={1063-6919},}


@incollection{Martijn2013,
year={2013},
isbn={978-3-642-39401-0},
booktitle={Computer Vision Systems},
volume={7963},
series={Lecture Notes in Computer Science},
editor={Chen, Mei and Leibe, Bastian and Neumann, Bernd},
doi={10.1007/978-3-642-39402-7_21},
title={A Comparative Study on Multi-person Tracking Using Overlapping Cameras},
url={http://dx.doi.org/10.1007/978-3-642-39402-7_21},
publisher={Springer Berlin Heidelberg},
author={Liem, MartijnC. and Gavrila, DariuM.},
pages={203-212},
language={English}
}

@book{Hansmann2001,
 author = {Hansmann, Uwe and Nicklous, Martin S. and Stober, Thomas},
 title = {Pervasive Computing Handbook},
 year = {2001},
 isbn = {3-540-67122-6},
 publisher = {Springer-Verlag New York, Inc.},
 address = {New York, NY, USA},
} 

@INPROCEEDINGS{Kriegel2013, 
author={Kriegel, E.Ulrich and Pfennigschmidt, Stefan and Ziegler, Hans G.}, 
booktitle={Autonomous Decentralized Systems (ISADS), 2013 IEEE Eleventh International Symposium on}, 
title={Practical aspects of the use of a Knowledge Fusion Toolkit in safety applications}, 
year={2013}, 
month={March}, 
pages={1-4}, 
keywords={Computer architecture;Context;Engines;Java;Security;Semantics;Servers;complex event processing;component-based software engineering;decision support;knowledge fusion}, 
doi={10.1109/ISADS.2013.6513439},}



@article{Ferryman2013,
 author = {Ferryman, James and Hogg, David and Sochman, Jan and Behera, Ardhendu and Rodriguez-Serrano, Jos{\'e} A. and Worgan, Simon and Li, Longzhen and Leung, Valerie and Evans, Murray and Cornic, Philippe and Herbin, St{\'e}Phane and Schlenger, Stefan and Dose, Michael},
 title = {Robust Abandoned Object Detection Integrating Wide Area Visual Surveillance and Social Context},
 journal = {Pattern Recogn. Lett.},
 issue_date = {May, 2013},
 volume = {34},
 number = {7},
 month = may,
 year = {2013},
 issn = {0167-8655},
 pages = {789--798},
 numpages = {10},
 url = {http://dx.doi.org/10.1016/j.patrec.2013.01.018},
 doi = {10.1016/j.patrec.2013.01.018},
 acmid = {2452292},
 publisher = {Elsevier Science Inc.},
 address = {New York, NY, USA},
 keywords = {Abandoned objects, Behaviour analysis, Wide area video surveillance},
} 


@ARTICLE{Schonfeld2010, 
author={Schonfeld, D.}, 
journal={Signal Processing Magazine, IEEE}, 
title={The Evolution of Signal Processing [From the Editor]}, 
year={2010}, 
month={Sept}, 
volume={27}, 
number={5}, 
pages={2-6}, 
doi={10.1109/MSP.2010.937751}, 
ISSN={1053-5888},}


@misc{Orwel42,
author = {},
title = {Orwellian Ubiquitous Computing May Build Ultimate Surveillance Society | Old-Thinker News},
howpublished = {\url{http://www.oldthinkernews.com/2008/05/26/orwellian-ubiquitous-computing-may-build-ultimate-surveillance-society/}},
month = {},
year = {},
note = {(Accessed on 06/27/2016)}
}


@ARTICLE{Munir2013, 
author={Munir, A. and Gordon-Ross, A. and Ranka, S.}, 
journal={Parallel and Distributed Systems, IEEE Transactions on}, 
title={Multi-Core Embedded Wireless Sensor Networks: Architecture and Applications}, 
year={2014}, 
month={June}, 
volume={25}, 
number={6}, 
pages={1553-1562}, 
keywords={embedded systems;multiprocessing systems;wireless sensor networks;Intel-based SMP;MCEWSNs;Moor law;SMPs;TMA;TMAs;Tilera TILEPro64;complex in-network processing;data locality;embedded systems;heterogeneous hierarchical multicore embedded wireless sensor networks;high transistor density;information fusion;multicore architectural paradigms;multicore embedded sensor nodes;sensor data;silicon industry;single-core embedded sensor nodes;symmetric multiprocessors;tiled many-core architectures;Multicore processing;Satellite broadcasting;Satellites;Streaming media;Wireless communication;Wireless sensor networks;Wireless sensor networks;compressive sensing;embedded systems;heterogeneous;multi-core;near-threshold computing;symmetric multiprocessors;tiled many-core architecture}, 
doi={10.1109/TPDS.2013.219}, 
ISSN={1045-9219},}



@INPROCEEDINGS{Sutor2008, 
author={Sutor, S. and Pujolle, G. and Reda, R.}, 
booktitle={Wireless Days, 2008. WD '08. 1st IFIP}, 
title={Instantaneous mobile video surveillance: A security #x00026; quality challenge}, 
year={2008}, 
month={Nov}, 
pages={1-6}, 
keywords={ad hoc networks;mobile radio;telecommunication security;video surveillance;mobile devices;mobile video surveillance;security threats;video quality levels;wireless ad hoc video surveillance performance levels;Antenna measurements;Communication system security;Costs;Intelligent networks;Large-scale systems;Mobile antennas;Performance analysis;Video surveillance;Wireless LAN;Wireless networks;3G;4G;Intelligent Video Surveillance;Mobile;Network Security;Physical Security;Smart Antenna;System Architecture;Video Surveillance;Wireless;Wireless Communications}, 
doi={10.1109/WD.2008.4812864},}



@INPROCEEDINGS{Saini2009, 
author={Saini, M. and Kankanhalli, M. and Jain, R.}, 
booktitle={Advanced Video and Signal Based Surveillance, 2009. AVSS '09. Sixth IEEE International Conference on}, 
title={A Flexible Surveillance System Architecture}, 
year={2009}, 
month={Sept}, 
pages={571-576}, 
keywords={multimedia systems;environment model;flexible surveillance system architecture;multimedia surveillance system;Computer architecture;Computer science;Context modeling;Feature extraction;Multimedia computing;Multimedia systems;Sensor systems;Solid modeling;Surveillance;System performance}, 
doi={10.1109/AVSS.2009.50},}


@INPROCEEDINGS{Han2009, 
author={Han, Seunghan and Hutter, A. and Stechele, W.}, 
booktitle={Image Analysis for Multimedia Interactive Services, 2009. WIAMIS '09. 10th Workshop on}, 
title={Toward contextual forensic retrieval for visual surveillance: Challenges and an architectural approach}, 
year={2009}, 
month={May}, 
pages={201-204}, 
keywords={video retrieval;video surveillance;contextual forensic retrieval;feature extraction;state-of-the-art retrieval approaches;visual analytic algorithms;visual surveillance systems;Cameras;Concrete;Forensics;Humans;Information retrieval;Intelligent systems;Layout;Prototypes;Surveillance;Vehicles}, 
doi={10.1109/WIAMIS.2009.5031468},}



@INPROCEEDINGS{Cardoso2011, 
author={Cardoso, N. and Peixoto, N. and Cabral, J. and Mendes, J. and Monteiro, J. and Tavares, A.}, 
booktitle={Industrial Informatics (INDIN), 2011 9th IEEE International Conference on}, 
title={Aspect-Oriented Programming of video-based surveillance systems}, 
year={2011}, 
month={July}, 
pages={551-556}, 
keywords={aspect-oriented programming;dynamic programming;video signal processing;video surveillance;aspect-oriented programming;dynamic programming technique;inheritance function;video-based surveillance systems;virtual function;Databases;Engines;Graphics processing unit;Libraries;Pipelines;Surveillance;System performance}, 
doi={10.1109/INDIN.2011.6034939},}




@INPROCEEDINGS{Mierzwinski2010, 
author={Mierzwiński, D. and Walczak, D. and Wolski, M. and Wrzos, M.}, 
booktitle={Symbolic and Numeric Algorithms for Scientific Computing (SYNASC), 2010 12th International Symposium on}, 
title={Surveillance System in Service-Oriented Manner}, 
year={2010}, 
month={Sept}, 
pages={427-433}, 
keywords={face recognition;image motion analysis;service-oriented architecture;video surveillance;external sensors;face integration;face recognition;monitoring configuration;motion detection;private security;public security;service-oriented architecture;smart approach;video cameras;video sources;video streams;video surveillance systems;Cameras;Mobile communication;Servers;Service oriented architecture;Streaming media;Surveillance;SOA;mobile surveillance;service integration;video sources management;video surveillance system}, 
doi={10.1109/SYNASC.2010.83},}

@inproceedings{dey2012smart,
  title={Smart city surveillance: Leveraging benefits of cloud data stores},
  author={Dey, Swarnava and Chakraborty, Ankur and Naskar, Soumitra and Misra, Prateep},
  booktitle={Local Computer Networks Workshops (LCN Workshops), 2012 IEEE 37th Conference on},
  pages={868--876},
  year={2012},
  organization={IEEE}
}

@INPROCEEDINGS{Cheng2014, 
author={Yu-Tung Cheng and Heng-An Lin and Yun-Jaw Yeh}, 
booktitle={Network Operations and Management Symposium (APNOMS), 2014 16th Asia-Pacific}, 
title={A flexible architecture of real-time audio transmission to heterogeneous devices for surveillance system}, 
year={2014}, 
month={Sept}, 
pages={1-4}, 
keywords={Internet;audio streaming;software architecture;surveillance;video streaming;Web-based surveillance system;audio streams;flexible architecture;heterogeneous devices;network cameras;plug-and-play service;real-time audio transmission;remote monitoring;software architecture;Cameras;Computer architecture;Protocols;Relays;Servers;Software;Surveillance;Surveillance system;audio transmission;network camera}, 
doi={10.1109/APNOMS.2014.6996108},}



@INPROCEEDINGS{Mossgraber2010, 
author={Mossgraber, J. and Reinert, F. and Vagts, H.}, 
booktitle={Systems (ICONS), 2010 Fifth International Conference on}, 
title={An Architecture for a Task-Oriented Surveillance System: A Service- and Event-Based Approach}, 
year={2010}, 
month={April}, 
pages={146-151}, 
keywords={data acquisition;resource allocation;software architecture;task analysis;video signal processing;video streaming;video surveillance;NEST;analysis process;data acquisition;data processing;distributed camera networks;event-based approach;event-driven architecture;extractable information;human operators;industrial espionage;network enabled surveillance and tracking;resource allocation;robust video processing approaches;semiautomated surveillance;sensor-oriented approach;service-based approach;service-oriented architecture;task-oriented information;task-oriented surveillance system;terrorism;video analytics;video streams monitoring;video surveillance systems;Computerized monitoring;Data mining;Humans;Information analysis;Power system management;Robustness;Service oriented architecture;Streaming media;Terrorism;Video surveillance;communication buses;event-driven SOA;multi-camera tracking;surveillance;task-oriented}, 
doi={10.1109/ICONS.2010.32},}

@INPROCEEDINGS{Rodriguez2012, 
author={Rodriguez-Silva, D.A. and Adkinson-Orellana, L. and Gonz'lez-Castano, F.J. and Armino-Franco, I. and Gonz'lez-Martinez, D.}, 
booktitle={Cloud Computing (CLOUD), 2012 IEEE 5th International Conference on}, 
title={Video Surveillance Based on Cloud Storage}, 
year={2012}, 
pages={991-992}, 
keywords={cloud computing;object detection;storage management;video cameras;video signal processing;video surveillance;cloud computing;cloud storage;image analysis;image processing;multimedia stream collection;network condition;safety event detetion;surveillance camera;video recording storage;video surveillance system;Buffer storage;Cameras;Cloud computing;Computer architecture;Servers;Streaming media;Video surveillance;cloud storage;security;surveillance system;video analysis}, 
doi={10.1109/CLOUD.2012.44}, 
ISSN={2159-6182}, 
month={June},}


@INPROCEEDINGS{Xinhui2009, 
author={Xinhui Li and Ying Li and Tiancheng Liu and Jie Qiu and Fengchun Wang}, 
booktitle={Cloud Computing, 2009. CLOUD '09. IEEE International Conference on}, 
title={The Method and Tool of Cost Analysis for Cloud Computing}, 
year={2009}, 
pages={93-100}, 
keywords={Internet;Cloud Total Cost of Ownership;Web tool;cloud computing;cost analysis;utilization cost;virtualization technology;Application software;Cloud computing;Computer industry;Cost function;Economies of scale;Environmental economics;Filling;Proposals;Resource management;Web server;Cloud computing;Ecnomic Scale;TCO}, 
doi={10.1109/CLOUD.2009.84}, 
month={Sept},}

@ARTICLE{Karagiannis2011, 
author={Karagiannis, G. and Altintas, O. and Ekici, E. and Heijenk, G. and Jarupan, B. and Lin, K. and Weil, T.}, 
journal={Communications Surveys Tutorials, IEEE}, 
title={Vehicular Networking: A Survey and Tutorial on Requirements, Architectures, Challenges, Standards and Solutions}, 
year={2011}, 
volume={13}, 
number={4}, 
pages={584-616}, 
keywords={computer networks;mobile radio;radio networks;road safety;road traffic;telecommunication standards;ITS programs;infotainment;traffic efficiency;traffic safety;vehicular networking;Driver circuits;Intelligent vehicle systems;Road safety;Standardization;System performance;ARIB;ASV;COMeSafety;CVIS;IEEE 1609;IEEE 802.11p;ISO CALM;ITS-Safety 2010;IntelliDrive(sm);SAE;SAFESPOT;SEVECOM;SMARTWAY;V2I;V2V;VII;VSC;Vehicular networking;WAVE;eSafety}, 
doi={10.1109/SURV.2011.061411.00019}, 
ISSN={1553-877X}, 
month={Fourth},}

@INPROCEEDINGS{RADAK2014, 
author={Radak, J. and Ducourthial, B. and Cherfaoui, V.}, 
booktitle={Vehicular Networking Conference (VNC), 2014 IEEE}, 
title={Early detection of dangerous events on the road using distributed data fusion}, 
year={2014}, 
pages={17-24}, 
keywords={distributed algorithms;intelligent transportation systems;sensor fusion;temperature sensors;vehicular ad hoc networks;dangerous events;distributed data fusion algorithm;early detection;icy roads;intelligent transport systems;wireless temperature sensors;Data integration;Roads;Temperature measurement;Temperature sensors;Vehicles;Wireless sensor networks;Vehicular networks;distributed data fusion;emulation;experiments;roadside units;testbed;wireless sensors}, 
doi={10.1109/VNC.2014.7013304}, 
month={Dec},}

@INPROCEEDINGS{FANG2013, 
author={Fang Zhu and Hong Qiu and Zhi Yong Song}, 
booktitle={Smart and Sustainable City 2013 (ICSSC 2013), IET International Conference on}, 
title={Rhizome: A middle-ware for cloud vision computing framework}, 
year={2013}, 
pages={193-197}, 
keywords={cloud computing;computer vision;concurrency control;formal specification;middleware;parallel programming;video signal processing;video surveillance;HPCC;Hadoop;IASS;Job-keeper;Map-reduce;MoC based concurrency patterns;PAAS;Rhizome;agency-like model;client + cloud software;cloud OS environment;cloud computing;cloud parallel framework;cloud vision computing application;cloud vision computing framework;computing models;declarative specification;elastic cloud;lightweight transactions;middleware;parallel computing;parallel programming;video analysis;video surveillance;Cloud Computing;Parallel Framework;Vision Computing}, 
doi={10.1049/cp.2013.2023}, 
month={Aug},}

@INPROCEEDINGS{Xiang2013, 
author={Xiang Chen and Jie-Bin Xu and Wei-Qiang Guo}, 
booktitle={Machine Learning and Cybernetics (ICMLC), 2013 International Conference on}, 
title={The research about video surveillance platform based on cloud computing}, 
year={2013}, 
volume={02}, 
pages={979-983}, 
keywords={cloud computing;media streaming;multimedia servers;public domain software;video surveillance;HDFS;Hadoop;Hbase;Hive;cloud computing;data nodes;data streaming;overloaded streaming media server;smart city;video surveillance platform;weak tolerant ability;Abstracts;Cameras;Cloud computing;Databases;Instruction sets;Media;Servers;Cloud computing;Hadoop;Streaming media;Video surveillance}, 
doi={10.1109/ICMLC.2013.6890424}, 
month={July},}

@INPROCEEDINGS{Sunehra2014, 
author={Sunehra, D. and Bano, A.}, 
booktitle={India Conference (INDICON), 2014 Annual IEEE}, 
title={An intelligent surveillance with cloud storage for home security}, 
year={2014}, 
pages={1-6}, 
keywords={cellular radio;cloud computing;control engineering computing;home automation;image sensors;infrared detectors;microcontrollers;mobile computing;modems;pyroelectric detectors;security;surveillance;ARM7 microcontroller;GSM modem;IP address;IP webcam;IR;Internet enabled device;PIR;accessible network technologies;cameras;centralized location;cloud storage;daily tasks;desktop computers;home automation system;home security;iPads;infrared sensor;intelligent surveillance;intruder detection;laptop computers;mobile devices;public cloud;pyroelectric infrared module;remote location;smart phones;unauthorized person;video monitoring;Cloud computing;GSM;IP networks;Microcontrollers;Security;Webcams;ARM microcontroller;Embedded home security system;GSM modem;IP webcam;IR sensor;PIR sensor}, 
doi={10.1109/INDICON.2014.7030567}, 
month={Dec},}

@ARTICLE{He2015, 
author={He, J. and Wu, D. and Xie, X. and Chen, M. and Li, Y. and Zhang, G.}, 
journal={Circuits and Systems for Video Technology, IEEE Transactions on}, 
title={Efficient Upstream Bandwidth Multiplexing for Cloud Video Recording Services}, 
year={2015}, 
volume={PP}, 
number={99}, 
pages={1-1}, 
keywords={Approximation algorithms;Bandwidth;Cameras;Multiplexing;Optimization;Streaming media;Wireless communication;adaptive streaming;allocation optimization;bandwidth multiplexing;cloud video recording}, 
doi={10.1109/TCSVT.2015.2475875}, 
ISSN={1051-8215}, 
month={},}

@INPROCEEDINGS{Lin2012, 
author={Lin, C.E. and Cheng-Ru Li and Ya-Hsien Lai}, 
booktitle={Parallel Processing Workshops (ICPPW), 2012 41st International Conference on}, 
title={UAS Cloud Surveillance System}, 
year={2012}, 
pages={173-178}, 
keywords={3G mobile communication;SQL;aerospace computing;autonomous aerial vehicles;cloud computing;data acquisition;smart phones;surveillance;3G mobile communication;Android smart phone;Ce-71 UAV operation;Google Earth 3D map;Internet;MySQL database management;UAS cloud surveillance system;UAV dynamic performance;UAV flight data;altitude display mode;attitude display mode;data acquisition;downlink data;flight awareness;ground computer;Cloud computing;Databases;Earth;Google;Smart phones;Surveillance;Android Smart phone;Cloud system;Ground station;Internet access;Mobile 3G;UAV/UAS}, 
doi={10.1109/ICPPW.2012.25}, 
ISSN={1530-2016}, 
month={Sept},}

@INPROCEEDINGS{Paul2013, 
author={Paul, A.K. and Jong Sou Park}, 
booktitle={Informatics, Electronics Vision (ICIEV), 2013 International Conference on}, 
title={Multiclass object recognition using smart phone and cloud computing for augmented reality and video surveillance applications}, 
year={2013}, 
pages={1-6}, 
keywords={Bayes methods;augmented reality;cloud computing;feature extraction;image classification;object recognition;smart phones;transforms;video surveillance;SIFT;augmented reality;bag-of-words approach;client-server technology;cloud computing;clustering algorithm;feature extraction;high dimensional feature vectors;image acquisition device;multiclass natural object classification;multiclass object recognition;naive Bayes classifier;object recognition;rendering device;scale invariant feature transforms;smartphone camera;video surveillance;visual codebooks;Augmented reality;Classification algorithms;Feature extraction;Object recognition;Servers;Smart phones;Training}, 
doi={10.1109/ICIEV.2013.6572719}, 
month={May},}

@INPROCEEDINGS{Dey2012, 
author={Dey, S. and Chakraborty, A. and Naskar, S. and Misra, P.}, 
booktitle={Local Computer Networks Workshops (LCN Workshops), 2012 IEEE 37th Conference on}, 
title={Smart city surveillance: Leveraging benefits of cloud data stores}, 
year={2012}, 
pages={868-876}, 
keywords={cloud computing;multimedia computing;public domain software;video surveillance;Amazons EC2;IO sizes;citizen contributed video feeds;cloud based storage;cloud data stores;iSCSI;key-value stores;multimedia data;multimedia feeds;multimedia surveillance backend system architecture;open source cloud;random access;read-write mix;sensor Web enablement framework;sequential access;smart city surveillance;sound clips;video analytics;video surveillance infrastructure;Cameras;Cities and towns;Databases;Media;Streaming media;Video surveillance;Cloud database;benchmarking;city surveillance;smart city;ycsb}, 
doi={10.1109/LCNW.2012.6424076}, 
month={Oct},}


@MASTERSTHESIS {akono2014,
    author = {Akono C., Neto A.},
    title  = {Rede de informação Intra-veicular sensível ao Contexto},
    school = {Universidade Federal do Ceará},
    year   = {2014},
    type   = {Engenharia de Teleinformática},
    month  = {aug},
    note   = {Ambiente Veicular, Rede de sensores, Sensibilidade ao Contexto, Algoritmos metaheurísticos}
}

@article{Harrendorf2010,
      author  = "Harrendorf, Stefan. and Heiskanen, Markku. and Malby, Steven.",
      title   = "{International statistics on crime and justice}",
      year    = "2010",
      editor  = "United Nations Publication Series No. 64",
      url     = "https://www.unodc.org/documents/data-and-analysis/",
      urldate = "2015-12-10"
}


@article{Murray2013,
title = "Crime and violence in Brazil: Systematic review of time trends, prevalence rates and risk factors ",
journal = "Aggression and Violent Behavior ",
volume = "18",
number = "5",
pages = "471 - 483",
year = "2013",
note = "",
issn = "1359-1789",
doi = "http://dx.doi.org/10.1016/j.avb.2013.07.003",
url = "http://www.sciencedirect.com/science/article/pii/S1359178913000566",
author = "Joseph Murray and Daniel Ricardo de Castro Cerqueira and Tulio Kahn",
keywords = "Crime",
keywords = "Violence",
keywords = "Systematic review",
keywords = "Prevalence",
keywords = "Risk factors",
keywords = "Middle-income country "
}

@inproceedings{Wen2010,
 author = {Wen, Ye and Yang, Xiaokang and Xu, Yi},
 title = {Cloud-computing-based Framework for Multi-camera Topology Inference in Smart City Sensing System},
 booktitle = {Proceedings of the 2010 ACM Multimedia Workshop on Mobile Cloud Media Computing},
 series = {MCMC '10},
 year = {2010},
 isbn = {978-1-4503-0168-8},
 location = {Firenze, Italy},
 pages = {65--70},
 numpages = {6},
 url = {http://doi.acm.org/10.1145/1877953.1877971},
 doi = {10.1145/1877953.1877971},
 acmid = {1877971},
 publisher = {ACM},
 address = {New York, NY, USA},
 keywords = {cloud computing, online smart city sensing, topology inference},
} 

@misc{OSAC2015,
  author = {OSAC},
  title = {Brazil 2015 Crime and Safety Report: Rio de Janeiro},
  howpublished = {\url{https://www.osac.gov/pages/ContentReportDetails.aspx?cid=17164}},
  year = {2015},
  note = {(Visited on 12/10/2015)}
}

@inproceedings{barros2014,
  doi = {10.13140/2.1.3664.6723},
  url = {http://dx.doi.org/10.13140/2.1.3664.6723},
  author = {Hugo Barros Camboim; Augusto José Venâncio Neto; },
  booktitle={Advances in Communication Networks and Computing Infrastructure - ADVANCEs 2014},
  title = {FISVER: A Framework for Smart Public Safety in Video-Surveilled Vehicles},
  year = {2014}
}

@INPROCEEDINGS{Pribyl2015, 
author={Pribyl, O. and Horak, T.}, 
booktitle={Smart Cities Symposium Prague (SCSP), 2015}, 
title={Individual Perception of Smart City Strategies}, 
year={2015}, 
pages={1-6}, 
keywords={multi-agent systems;smart cities;town and country planning;IPSCS survey;citizens;individual perception;life stages;mathematical tools;multiagent systems;quality of life;smart city initiatives;smart city strategies;survey evaluation;Cities and towns;ISO standards;Indexes;Mobile communication;Planning;Smart cities;Transportation;Life cycles;Quality of life;Smart cities;Survey}, 
doi={10.1109/SCSP.2015.7181550}, 
month={June},}

@incollection{Schaffers2011,
year={2011},
isbn={978-3-642-20897-3},
booktitle={The Future Internet},
volume={6656},
series={Lecture Notes in Computer Science},
editor={Domingue, John and Galis, Alex and Gavras, Anastasius and Zahariadis, Theodore and Lambert, Dave and Cleary, Frances and Daras, Petros and Krco, Srdjan and Müller, Henning and Li, Man-Sze and Schaffers, Hans and Lotz, Volkmar and Alvarez, Federico and Stiller, Burkhard and Karnouskos, Stamatis and Avessta, Susanna and Nilsson, Michael},
title={Smart Cities and the Future Internet: Towards Cooperation Frameworks for Open Innovation},
publisher={Springer Berlin Heidelberg},
keywords={Smart Cities; Future Internet; Collaboration; Innovation Ecosystems; User Co-Creation; Living Labs; Resource Sharing},
author={Schaffers, Hans and Komninos, Nicos and Pallot, Marc and Trousse, Brigitte and Nilsson, Michael and Oliveira, Alvaro},
pages={431-446},
language={English}
}

@INPROCEEDINGS{Yang2015, 
author={Yang Jian and Wang Xin and Zang Xue and Dai ZhenYou}, 
booktitle={Electrical and Computer Engineering (CCECE), 2015 IEEE 28th Canadian Conference on}, 
title={Cloud computing and visual attention based object detection for power substation surveillance robots}, 
year={2015}, 
pages={337-342}, 
keywords={cloud computing;object detection;robot vision;substations;surveillance;MSR;SURF matching;cloud based visual attention objects detection method;cloud computing;cloud computing technology;human vision mechanism;most salient region;object recognition;outdoor autonomous robots;power substation surveillance robots;resource consumption;substation surveillance;surveillance robots;visual attention based object detection algorithm;visual attention saliency map;Feature extraction;Libraries;Object detection;Robots;Substations;Surveillance;Visualization}, 
doi={10.1109/CCECE.2015.7129299}, 
ISSN={0840-7789}, 
month={May},}




@book{Liang1999,
      author        = "Liang Sheng",
      title         = "{The Java native interface: programmer's guide and
                       specification}",
      publisher     = "Addison-Wesley",
      address       = "Reading, MA",
      series        = "Java series",
      year          = "1999",
      url           = "https://cds.cern.ch/record/411394",
}


@INPROCEEDINGS{peng2011, 
author={Yu Peng and Min Xu and Jin, J.S. and Suhuai Luo and Gang Zhao}, 
booktitle={Image and Graphics (ICIG), 2011 Sixth International Conference on}, 
title={Cascade-Based License Plate Localization with Line Segment Features and Haar-Like Features}, 
year={2011}, 
pages={1023-1028}, 
keywords={Haar transforms;Hough transforms;adaptive systems;edge detection;feature extraction;image classification;image segmentation;learning (artificial intelligence);AdaBoost classifier;AdaBoost training;Hough transform;LP localization;cascade based license plate localization;high dimensional Haar like feature;image edge detection;line segment extraction;line segment feature;Feature extraction;Image edge detection;Image segmentation;Licenses;Lighting;Testing;Training}, 
doi={10.1109/ICIG.2011.154}, 
month={Aug},}

@ARTICLE{salmane2015, 
author={H. Salmane and L. Khoudour and Y. Ruichek}, 
journal={IEEE Transactions on Intelligent Transportation Systems}, 
title={A Video-Analysis-Based Railway - Road Safety System for Detecting Hazard Situations at Level Crossings}, 
year={2015}, 
volume={16}, 
number={2}, 
pages={596-609},
doi={10.1109/TITS.2014.2331347}, 
ISSN={1524-9050}, 
month={April},}

@INPROCEEDINGS{Moniak2007, 
author={Moniak, G. and Masson, E. and Dumortier, H. and Berbineau, M. and Rivenq, A.}, 
booktitle={Vehicular Technology Conference, 2007. VTC-2007 Fall. 2007 IEEE 66th}, 
title={Robust and High Data Rate Wireless Link for Security Between a Bus and a Control Centre}, 
year={2007}, 
pages={1426-1430}, 
keywords={IEEE standards;MIMO communication;OFDM modulation;WiMax;automated highways;block codes;control facilities;radio links;space-time codes;telecommunication standards;turbo codes;IEEE802.16 standard;MIMO transmission system;PHY-OFDM;STBC code;WiMAX standard;asymmetrical links;control centre;data rate wireless link;physical layer;propagation channels;signal processing;telecommunication standards;turbo processing;urban bus;worldwide interoperability for microwave access standard;Automatic control;Communication system security;Control systems;Data security;Robust control;Sensor systems;Streaming media;Surveillance;Transportation;Vehicles}, 
doi={10.1109/VETECF.2007.304}, 
ISSN={1090-3038}, 
month={Sept},}


